<record><leader>00000cas a22000007a 4500</leader><controlfield tag="001">14877828</controlfield><controlfield tag="008">861126d18831883msuwr ne      0    0eng d</controlfield><datafield ind1=" " ind2=" " tag="010"><subfield code="a">sn 86074073 </subfield></datafield><datafield ind1=" " ind2=" " tag="040"><subfield code="a">MJA</subfield><subfield code="b">eng</subfield><subfield code="c">MJA</subfield><subfield code="d">MSJ</subfield><subfield code="d">OCLCQ</subfield></datafield><datafield ind1=" " ind2=" " tag="042"><subfield code="a">msc</subfield></datafield><datafield ind1="0" ind2=" " tag="130"><subfield code="a">Picket (Canton, Miss.)</subfield></datafield><datafield ind1="1" ind2="4" tag="245"><subfield code="a">The Picket.</subfield></datafield><datafield ind1=" " ind2=" " tag="260"><subfield code="a">Canton, Miss. :</subfield><subfield code="b">Jos. W. Garrett,</subfield><subfield code="c">-1883.</subfield></datafield><datafield ind1=" " ind2=" " tag="310"><subfield code="a">Weekly</subfield></datafield><datafield ind1="1" ind2=" " tag="362"><subfield code="a">Began with Mar. 3, 1883 issue.</subfield></datafield><datafield ind1="0" ind2=" " tag="362"><subfield code="a">-v. 1, no. 3 (Mar. 17, 1883).</subfield></datafield><datafield ind1=" " ind2=" " tag="588"><subfield code="a">Description based on: Vol. 1, no. 2 (Mar. 10, 1883).</subfield></datafield><datafield ind1=" " ind2=" " tag="752"><subfield code="a">United States</subfield><subfield code="b">Mississippi</subfield><subfield code="c">Madison</subfield><subfield code="d">Canton.</subfield></datafield><datafield ind1="0" ind2="0" tag="785"><subfield code="t">Canton picket</subfield><subfield code="w">(OCoLC)14868056</subfield></datafield></record>